<?xml version="1.0" encoding="UTF-8" standalone="yes"?>
  <bib>
    <mms_id>99226236706421</mms_id>
    <record_format>marc21</record_format>
    <linked_record_id/>
    <title>Xiaoliang Shan Yi zu bi mo jing dian ying yin ji cheng /</title>
    <author>Lu, Baosheng,</author>
    <isbn>7536771827</isbn>
    <complete_edition>Di 1 ban.</complete_edition>
    <network_numbers>
      <network_number>(OCoLC)1041146461</network_number>
      <network_number>(OCoLC)on1041146461</network_number>
    </network_numbers>
    <place_of_publication>Kunming :</place_of_publication>
    <date_of_publication>2016.</date_of_publication>
    <publisher_const>Yunnan min zu chu ban she,</publisher_const>
    <holdings link="https://api-na.hosted.exlibrisgroup.com/almaws/v1/bibs/99226236706421/holdings"/>
    <created_by>System</created_by>
    <created_date>2020-06-01Z</created_date>
    <last_modified_by>System</last_modified_by>
    <last_modified_date>2020-07-23Z</last_modified_date>
    <suppress_from_publishing>false</suppress_from_publishing>
    <suppress_from_external_search>false</suppress_from_external_search>
    <sync_with_oclc>NONE</sync_with_oclc>
    <sync_with_libraries_australia>NONE</sync_with_libraries_australia>
    <originating_system>OTHER</originating_system>
    <originating_system_id>10689589</originating_system_id>
    <cataloging_level desc="Default Level">00</cataloging_level>
    <record>
      <leader>03478cam a2200661Ii 4500</leader>
      <controlfield tag="001">99226236706421</controlfield>
      <controlfield tag="005">20200723143341.0</controlfield>
      <controlfield tag="008">180125s2016    cc a          000 0 chi d</controlfield>
      <datafield ind1=" " ind2=" " tag="020">
        <subfield code="a">9787536771734</subfield>
        <subfield code="q">(v.1)</subfield>
      </datafield>
      <datafield ind1=" " ind2=" " tag="020">
        <subfield code="a">7536771738</subfield>
        <subfield code="q">(v.1)</subfield>
      </datafield>
      <datafield ind1=" " ind2=" " tag="020">
        <subfield code="a">9787536771741</subfield>
        <subfield code="q">(v. 2)</subfield>
      </datafield>
      <datafield ind1=" " ind2=" " tag="020">
        <subfield code="a">7536771746</subfield>
        <subfield code="q">(v. 2)</subfield>
      </datafield>
      <datafield ind1=" " ind2=" " tag="020">
        <subfield code="a">9787536771758</subfield>
        <subfield code="q">(v. 3)</subfield>
      </datafield>
      <datafield ind1=" " ind2=" " tag="020">
        <subfield code="a">7536771754</subfield>
        <subfield code="q">(v. 3)</subfield>
      </datafield>
      <datafield ind1=" " ind2=" " tag="020">
        <subfield code="a">9787536771765</subfield>
        <subfield code="q">(v. 4)</subfield>
      </datafield>
      <datafield ind1=" " ind2=" " tag="020">
        <subfield code="a">7536771762</subfield>
        <subfield code="q">(v. 4)</subfield>
      </datafield>
      <datafield ind1=" " ind2=" " tag="020">
        <subfield code="a">9787536771772</subfield>
        <subfield code="q">(v. 5)</subfield>
      </datafield>
      <datafield ind1=" " ind2=" " tag="020">
        <subfield code="a">7536771770</subfield>
        <subfield code="q">(v. 5)</subfield>
      </datafield>
      <datafield ind1=" " ind2=" " tag="020">
        <subfield code="a">9787536771789</subfield>
        <subfield code="q">(v. 6)</subfield>
      </datafield>
      <datafield ind1=" " ind2=" " tag="020">
        <subfield code="a">7536771789</subfield>
        <subfield code="q">(v. 6)</subfield>
      </datafield>
      <datafield ind1=" " ind2=" " tag="020">
        <subfield code="a">9787536771796</subfield>
        <subfield code="q">(v. 7)</subfield>
      </datafield>
      <datafield ind1=" " ind2=" " tag="020">
        <subfield code="a">7536771797</subfield>
        <subfield code="q">(v. 7)</subfield>
      </datafield>
      <datafield ind1=" " ind2=" " tag="020">
        <subfield code="a">9787536771802</subfield>
        <subfield code="q">(v. 8)</subfield>
      </datafield>
      <datafield ind1=" " ind2=" " tag="020">
        <subfield code="a">7536771800</subfield>
        <subfield code="q">(v. 8)</subfield>
      </datafield>
      <datafield ind1=" " ind2=" " tag="020">
        <subfield code="a">9787536771819</subfield>
        <subfield code="q">(v. 9)</subfield>
      </datafield>
      <datafield ind1=" " ind2=" " tag="020">
        <subfield code="a">7536771819</subfield>
        <subfield code="q">(v. 9)</subfield>
      </datafield>
      <datafield ind1=" " ind2=" " tag="020">
        <subfield code="a">9787536771826</subfield>
        <subfield code="q">(v. 10)</subfield>
      </datafield>
      <datafield ind1=" " ind2=" " tag="020">
        <subfield code="a">7536771827</subfield>
        <subfield code="q">(v. 10)</subfield>
      </datafield>
      <datafield ind1=" " ind2=" " tag="035">
        <subfield code="a">(OCoLC)on1041146461</subfield>
      </datafield>
      <datafield ind1=" " ind2=" " tag="035">
        <subfield code="a">(OCoLC)1041146461</subfield>
      </datafield>
      <datafield ind1=" " ind2=" " tag="040">
        <subfield code="a">STF</subfield>
        <subfield code="b">eng</subfield>
        <subfield code="e">rda</subfield>
        <subfield code="c">STF</subfield>
        <subfield code="d">OCLCF</subfield>
        <subfield code="d">PUL</subfield>
      </datafield>
      <datafield ind1=" " ind2=" " tag="049">
        <subfield code="a">PULL</subfield>
      </datafield>
      <datafield ind1=" " ind2=" " tag="090">
        <subfield code="a">DS731.Y5</subfield>
        <subfield code="b">.X53 2016</subfield>
      </datafield>
      <datafield ind1="0" ind2="0" tag="245">
        <subfield code="6">880-01</subfield>
        <subfield code="a">Xiaoliang Shan Yi zu bi mo jing dian ying yin ji cheng /</subfield>
        <subfield code="c">Lu Baosheng, Lu Zhifa zhu bian.</subfield>
      </datafield>
      <datafield ind1="0" ind2="0" tag="880">
        <subfield code="6">245-01</subfield>
        <subfield code="a">小凉山彝族毕摩经典影印集成 /</subfield>
        <subfield code="c">卢堡生, 卢志发主编.</subfield>
      </datafield>
      <datafield ind1=" " ind2=" " tag="250">
        <subfield code="6">880-02</subfield>
        <subfield code="a">Di 1 ban.</subfield>
      </datafield>
      <datafield ind1=" " ind2=" " tag="880">
        <subfield code="6">250-02</subfield>
        <subfield code="a">第1版.</subfield>
      </datafield>
      <datafield ind1=" " ind2="1" tag="264">
        <subfield code="6">880-03</subfield>
        <subfield code="a">Kunming :</subfield>
        <subfield code="b">Yunnan min zu chu ban she,</subfield>
        <subfield code="c">2016.</subfield>
      </datafield>
      <datafield ind1=" " ind2="1" tag="880">
        <subfield code="6">264-03</subfield>
        <subfield code="a">昆明 :</subfield>
        <subfield code="b">云南民族出版社,</subfield>
        <subfield code="c">2016.</subfield>
      </datafield>
      <datafield ind1=" " ind2=" " tag="300">
        <subfield code="a">10 volumes:</subfield>
        <subfield code="b">illustrations;</subfield>
        <subfield code="c">27 cm</subfield>
      </datafield>
      <datafield ind1=" " ind2=" " tag="336">
        <subfield code="a">text</subfield>
        <subfield code="a">still image</subfield>
        <subfield code="2">rdacontent</subfield>
      </datafield>
      <datafield ind1=" " ind2=" " tag="337">
        <subfield code="a">unmediated</subfield>
        <subfield code="2">rdamedia</subfield>
      </datafield>
      <datafield ind1=" " ind2=" " tag="338">
        <subfield code="a">volume</subfield>
        <subfield code="2">rdacarrier</subfield>
      </datafield>
      <datafield ind1=" " ind2="0" tag="650">
        <subfield code="a">Yi (Chinese people)</subfield>
        <subfield code="x">Social life and customs.</subfield>
      </datafield>
      <datafield ind1=" " ind2="0" tag="650">
        <subfield code="a">Yi (Chinese people)</subfield>
        <subfield code="x">Religion.</subfield>
      </datafield>
      <datafield ind1=" " ind2="7" tag="650">
        <subfield code="a">Yi (Chinese people)</subfield>
        <subfield code="x">Religion.</subfield>
        <subfield code="2">fast</subfield>
        <subfield code="0">(OCoLC)fst01182772</subfield>
      </datafield>
      <datafield ind1=" " ind2="7" tag="650">
        <subfield code="a">Yi (Chinese people)</subfield>
        <subfield code="x">Social life and customs.</subfield>
        <subfield code="2">fast</subfield>
        <subfield code="0">(OCoLC)fst01182773</subfield>
      </datafield>
      <datafield ind1="1" ind2=" " tag="700">
        <subfield code="6">880-04</subfield>
        <subfield code="a">Lu, Baosheng,</subfield>
        <subfield code="e">editor.</subfield>
      </datafield>
      <datafield ind1="1" ind2=" " tag="880">
        <subfield code="6">700-04</subfield>
        <subfield code="a">卢堡生,</subfield>
        <subfield code="e">editor.</subfield>
      </datafield>
      <datafield ind1="1" ind2=" " tag="700">
        <subfield code="6">880-05</subfield>
        <subfield code="a">Lu, Zhifa,</subfield>
        <subfield code="e">editor.</subfield>
      </datafield>
      <datafield ind1="1" ind2=" " tag="880">
        <subfield code="6">700-05</subfield>
        <subfield code="a">卢志发,</subfield>
        <subfield code="e">editor.</subfield>
      </datafield>
      <datafield ind1=" " ind2=" " tag="880">
        <subfield code="6">520-00</subfield>
        <subfield code="a">小凉山彝族毕摩经书已由云南省社科院宁蒗民族文化研究所在民间收集,原书稿已捐给博物馆."小凉山彝族毕摩经典影印集成"是将原书稿逐页拍摄,逐页编排,并对经书的内容提要,使用场合进行说明.卷-的内容包括"化病经""清除嫁妆污秽经""偿还和解除孽债经""祈福经".</subfield>
      </datafield>
      <datafield ind1="4" ind2="1" tag="856">
        <subfield code="3">Table of contents</subfield>
        <subfield code="u">http://arks.princeton.edu/ark:/88435/h702qb15q</subfield>
      </datafield>
      <datafield ind1="0" ind2=" " tag="852">
        <subfield code="0">10427122</subfield>
        <subfield code="b">recap$pa</subfield>
        <subfield code="h">DS731.Y5</subfield>
        <subfield code="i">.X53 2016</subfield>
        <subfield code="x">tr fr gest cjk</subfield>
      </datafield>
      <datafield ind1=" " ind2="0" tag="866">
        <subfield code="0">10427122</subfield>
        <subfield code="a">Vol.1-v.10</subfield>
      </datafield>
      <datafield ind1=" " ind2=" " tag="902">
        <subfield code="a">ww</subfield>
        <subfield code="s">ww</subfield>
        <subfield code="b">m</subfield>
        <subfield code="6">a</subfield>
        <subfield code="7">m</subfield>
        <subfield code="d">v</subfield>
        <subfield code="f">10</subfield>
        <subfield code="e">20180803</subfield>
      </datafield>
      <datafield ind1=" " ind2=" " tag="904">
        <subfield code="a">ww</subfield>
        <subfield code="b">o</subfield>
        <subfield code="h">m</subfield>
        <subfield code="c">t</subfield>
        <subfield code="e">20180207</subfield>
      </datafield>
      <datafield ind1=" " ind2=" " tag="994">
        <subfield code="a">C0</subfield>
        <subfield code="b">PUL</subfield>
      </datafield>
    </record>
  </bib>
